@ARTICLE {1,
    author  = "Skowron, P. and Faliszewski, P. and Slinko, A.",
    title   = "Achieving Fully Proportional Representation, Approximability Results",
    journal = "Artificial Intelligence",
    year    = "2015",
    volume  = "222",
    pages   = "67-103",
    month   = "may"
}
@ARTICLE {2,
    author  = "Procaccia, Ariel D. and Rosenschein, Jeffrey S. and Zohar, Aviv",
    title   = "On the complexity of achieving proportional representation",
    journal = "Social Choice and Welfare",
    year    = "2008",
    volume  = "30",
    number  = "3",
    pages   = "353-362",
    month   = "apr"
}
@ARTICLE {3,
    author  = "Betzler, N. and Slinko, A. and Uhlmann, J.",
    title   = "On the Computation of Fully Proportional Representation",
    journal = "Journal on Artificial Intelligence Research",
    year    = "2013",
    volume  = "47",
    pages   = "475-519"
}
@ARTICLE {4,
    author  = "Lu, Tyler and Boutilier, Craig",
    title   = "Budgeted social choice: From consensus to personalized decision making",
    journal = "IJCAI",
    year    = "2011",
    volume  = "11",
    pages   = "280-286}"
}
